% bmc_article.bib
% 
%  An example of bibtex entries.
%  Entries taken from BMC instructions for authors page.

% uncomment next line to make author-year bibliography
@settings{label, options="nameyear"}
@article{purcell2010gender,
  title={Gender and the glass ceiling at work},
  author={Purcell, David and MacArthur, Kelly Rhea and Samblanet, Sarah},
  journal={Sociology Compass},
  volume={4},
  number={9},
  pages={705--717},
  year={2010},
  publisher={Wiley Online Library}
}
@article{moshary2023gender,
  title={Gender-Based Pricing in Consumer Packaged Goods: A Pink Tax?},
  author={Moshary, Sarah and Tuchman, Anna and Vajravelu, Natasha},
  journal={Marketing Science},
  year={2023},
  publisher={INFORMS}
}
@article{hasan2010exploring,
  title={Exploring gender differences in online shopping attitude},
  author={Hasan, Bassam},
  journal={Computers in Human Behavior},
  volume={26},
  number={4},
  pages={597--601},
  year={2010},
  publisher={Elsevier}
}
@article{awad2008establishing,
  title={Establishing trust in electronic commerce through online word of mouth: An examination across genders},
  author={Awad, Neveen F and Ragowsky, Arik},
  journal={Journal of management information systems},
  volume={24},
  number={4},
  pages={101--121},
  year={2008},
  publisher={Taylor \& Francis}
}
@techreport{ge2016racial,
  title={Racial and gender discrimination in transportation network companies},
  author={Ge, Yanbo and Knittel, Christopher R and MacKenzie, Don and Zoepf, Stephen},
  year={2016},
  institution={National Bureau of Economic Research}
}
@misc{male_vs_female_spending,
  title = {Male vs. Female Spending Statistics},
  howpublished = {\url{https://www.businessdit.com/male-vs-female-spending-statistics/}},
  note = {Accessed: 2023-12-13}
}
@article{kim2007gender,
  title={Gender differences in online travel information search: Implications for marketing communications on the internet},
  author={Kim, Dae-Young and Lehto, Xinran Y and Morrison, Alastair M},
  journal={Tourism management},
  volume={28},
  number={2},
  pages={423--433},
  year={2007},
  publisher={Elsevier}
}
@article{wang2021user,
  title={User acceptance of gender stereotypes in automated career recommendations},
  author={Wang, Clarice and Wang, Kathryn and Bian, Andrew and Islam, Rashidul and Keya, Kamrun Naher and Foulds, James and Pan, Shimei},
  journal={arXiv preprint arXiv:2106.07112},
  year={2021}
}
@article{silverstein2009female,
  title={The Female Economy},
  author={Silverstein, Michael J and Sayre, Kate},
  journal={Harvard Business Review},
  volume={87},
  number={9},
  pages={46--53},
  year={2009},
  publisher={Harvard Business School Publishing}
}

@online{ASAGenderStereotypes,
  author = {Advertising Standards Authority},
  title = {Ban on harmful gender stereotypes in ads comes into force},
  year = 2023,
  url = {https://www.asa.org.uk/news/ban-on-harmful-gender-stereotypes-in-ads-comes-into-force.html},
  note = {Accessed: 2023-12-12}
}

@article{pope2011s,
  title={What’s in a Picture?: Evidence of Discrimination from Prosper. com},
  author={Pope, Devin G and Sydnor, Justin R},
  journal={Journal of Human resources},
  volume={46},
  number={1},
  pages={53--92},
  year={2011},
  publisher={University of Wisconsin Press}
}
@article{edelman2017racial,
  title={Racial discrimination in the sharing economy: Evidence from a field experiment},
  author={Edelman, Benjamin and Luca, Michael and Svirsky, Dan},
  journal={American economic journal: applied economics},
  volume={9},
  number={2},
  pages={1--22},
  year={2017},
  publisher={American Economic Association 2014 Broadway, Suite 305, Nashville, TN 37203-2425}
}
@article{edelman2014digital,
  title={Digital discrimination: The case of Airbnb. com},
  author={Edelman, Benjamin G and Luca, Michael},
  journal={Harvard Business School NOM Unit Working Paper},
  number={14-054},
  year={2014}
}
@article{morton2003consumer,
  title={Consumer information and discrimination: Does the internet affect the pricing of new cars to women and minorities?},
  author={Morton, Fiona Scott and Zettelmeyer, Florian and Silva-Risso, Jorge},
  journal={Quantitative marketing and Economics},
  volume={1},
  pages={65--92},
  year={2003},
  publisher={Springer}
}
@article{cotter2001glass,
  title={The glass ceiling effect},
  author={Cotter, David A and Hermsen, Joan M and Ovadia, Seth and Vanneman, Reeve},
  journal={Social forces},
  volume={80},
  number={2},
  pages={655--681},
  year={2001},
  publisher={The University of North Carolina Press}
}
@article{powell2015glass,
  title={The glass ceiling: what have we learned 20 years on?},
  author={Powell, Gary N and Butterfield, D Anthony},
  journal={Journal of Organizational Effectiveness: People and Performance},
  volume={2},
  number={4},
  pages={306--326},
  year={2015},
  publisher={Emerald Group Publishing Limited}
}
@article{barnes2022pink,
  title={The Pink Tax: Why Do Women Pay More?},
  author={Barnes, Kayleigh and Brounstein, Jakob},
  journal={Available at SSRN 4269217},
  year={2022}
}
@article{grether2022pink,
  title={The Pink Tax},
  author={Grether, Scott T},
  journal={Feminist Pedagogy},
  volume={2},
  number={1},
  pages={2},
  year={2022}
}
@article{crawford2023pink,
  title={Pink Tax and Other Tropes},
  author={Crawford, Bridget J},
  journal={Yale JL \& Feminism},
  volume={34},
  pages={88},
  year={2023},
  publisher={HeinOnline}
}
@article{ciminelli2021sticky,
  title={Sticky floors or glass ceilings? The role of human capital, working time flexibility and discrimination in the gender wage gap},
  author={Ciminelli, Gabriele and Schwellnus, Cyrille and Stadler, Balazs},
  year={2021},
  publisher={OECD}
}
@article{kholiq2023does,
  title={Does gender blindness improve gender equality? female judges and the glass ceiling effect in the Islamic Judicial System in Indonesia},
  author={Kholiq, Achmad and Halimatusa’diyah, Iim},
  journal={Social \& Legal Studies},
  volume={32},
  number={1},
  pages={139--158},
  year={2023},
  publisher={SAGE Publications Sage UK: London, England}
}
@article{barnet2008gender,
  title={Gender wage gap and the glass ceiling effect: a firm-level investigation},
  author={Barnet-Verzat, Christine and Wolff, Fran{\c{c}}ois-Charles},
  journal={International Journal of Manpower},
  volume={29},
  number={6},
  pages={486--502},
  year={2008},
  publisher={Emerald Group Publishing Limited}
}
@article{caceres2013glass,
  title={The glass ceiling revisited: Moving beyond discrimination in the study of gender in public organizations},
  author={Caceres-Rodriguez, Rick},
  journal={Administration \& Society},
  volume={45},
  number={6},
  pages={674--709},
  year={2013},
  publisher={Sage Publications Sage CA: Los Angeles, CA}
}
@article{karakilicc2019evaluation,
  title={Evaluation of glass ceiling syndrome in terms of gender discrimination perception},
  author={KARAKILI{\c{C}}, Nil{\"u}fer Y{\"O}R{\"U}K},
  journal={Journal of Management and economics research},
  volume={17},
  number={2},
  pages={214--233},
  year={2019},
  publisher={Bandirma Onyedi Eylul University}
}
@article{sweeney2013google,
  title={Google ads, black names and white names, racial discrimination, and click advertising},
  author={Sweeney, Latanya},
  journal={ACM Queue},
  pages={10--29},
  year={2013}
}
@article{datta2014automated,
  title={Automated experiments on ad privacy settings: A tale of opacity, choice, and discrimination},
  author={Datta, Amit and Tschantz, Michael Carl and Datta, Anupam},
  journal={arXiv preprint arXiv:1408.6491},
  year={2014}
}
@inproceedings{tschantz2015methodology,
  title={A methodology for information flow experiments},
  author={Tschantz, Michael Carl and Datta, Amit and Datta, Anupam and Wing, Jeannette M},
  booktitle={2015 IEEE 28th Computer Security Foundations Symposium},
  pages={554--568},
  year={2015},
  organization={IEEE}
}
@article{lambrecht2019algorithmic,
  title={Algorithmic bias? An empirical study of apparent gender-based discrimination in the display of STEM career ads},
  author={Lambrecht, Anja and Tucker, Catherine},
  journal={Management science},
  volume={65},
  number={7},
  pages={2966--2981},
  year={2019},
  publisher={INFORMS}
}
@article{ali2019discrimination,
  title={Discrimination through optimization: How Facebook's Ad delivery can lead to biased outcomes},
  author={Ali, Muhammad and Sapiezynski, Piotr and Bogen, Miranda and Korolova, Aleksandra and Mislove, Alan and Rieke, Aaron},
  journal={Proceedings of the ACM on human-computer interaction},
  volume={3},
  number={CSCW},
  pages={1--30},
  year={2019},
  publisher={ACM New York, NY, USA}
}
@inproceedings{jansen2010gender,
  title={Gender demographic targeting in sponsored search},
  author={Jansen, Bernard J and Solomon, Lauren},
  booktitle={Proceedings of the SIGCHI Conference on Human Factors in Computing Systems},
  pages={831--840},
  year={2010}
}
@misc{unstereotypealliance,
  title = {UN Women Unstereotype Alliance},
  howpublished = {\url{https://www.unstereotypealliance.org}},
  note = {Accessed: May 9, 2023}
}



@misc{undp,
  author = "United Nations Development Programme",
  title = "Human Development Index (HDI)",
  url = "https://hdr.undp.org/data-center/human-development-index#/indicies/HDI",
  year = "2023",
  note = "[Accessed May 9, 2023]"
}

@misc{fb-controversies,
  title = {Facebook's Privacy and Data Protection Efforts},
  howpublished = {\url{https://www.facebook.com/business/gdpr}},
  note = {Accessed: April 28, 2023}
}
@article{rosenberg2018trump,
  title={How Trump consultants exploited the Facebook data of millions},
  author={Rosenberg, Matthew and Confessore, Nicholas and Cadwalladr, Carole},
  journal={The New York Times},
  volume={17},
  number={3},
  pages={1},
  year={2018}
}
@article{verge2021,
  title = {Facebook will finally start asking for user permission to track them on iOS 14.5},
  author = {Welch, Chris},
  journal = {The Verge},
  year = {2021},
  month = {April},
  day = {26},
  howpublished = {\url{https://9to5mac.com/2021/05/02/facebook-instagram-tracking-ios-14-5/}},
  note = {Accessed: April 28, 2023}
}











@misc{facebook_business,
  title = {Facebook Business},
  howpublished = {\url{https://www.facebook.com/business/}},
  note = {Accessed: April 28, 2023}
}

@misc{fb-revenue,
  title = {Facebook Financials},
  howpublished = {\url{https://investor.fb.com/financials/default.aspx}},
  note = {Accessed: April 28, 2023}
}
@misc{fb-products,
  title = {Facebook Business Help Center: What Are Facebook Products and Services?},
  howpublished = {\url{https://www.facebook.com/help/1561485474074139}},
  note = {Accessed: April 28, 2023}
}
@misc{facebook_ad_targeting,
  title={Ad Targeting: Options to Reach Your Audience Online},
  url={https://www.facebook.com/business/ads/ad-targeting},
  journal={Facebook Business},
  year={2023},
  month={May},
  day={4}
}
@article{betz2021women,
  title={Women’s descriptive representation and gendered import tax discrimination},
  author={Betz, Timm and Fortunato, David and O’BRIEN, DIANA Z},
  journal={American Political Science Review},
  volume={115},
  number={1},
  pages={307--315},
  year={2021},
  publisher={Cambridge University Press}
}
@misc{HDI,
author = {United Nations Development Programme},
title = {Human Development Index},
year = {2021},
url = {https://hdr.undp.org/data-center/human-development-index#/indicies/HDI},
note = {Accessed: 2023-04-26}
}
@article{betz2019absence,
  title={The absence of consumer interests in trade policy},
  author={Betz, Timm and Pond, Amy},
  journal={The Journal of Politics},
  volume={81},
  number={2},
  pages={585--600},
  year={2019},
  publisher={The University of Chicago Press Chicago, IL}
}
@article{mansfield2015men,
  title={Men, women, trade, and free markets},
  author={Mansfield, Edward D and Mutz, Diana C and Silver, Laura R},
  journal={International Studies Quarterly},
  volume={59},
  number={2},
  pages={303--315},
  year={2015},
  publisher={Blackwell Publishing Ltd Oxford, UK}
}

@article{guisinger2017american,
  title={American Opinion on Trade: Preferences Without Politics. By Alexandra Guisinger. New York: Oxford University Press, 2017. 328p. 39.95 paper.},
  author={Destler, IM Mac},
  journal={Perspectives on Politics},
  volume={16},
  number={3},
  pages={908--909},
  year={2018},
  publisher={Cambridge University Press}
}
@article{cho2003effectiveness,
  title={The effectiveness of banner advertisements: Involvement and click-through},
  author={Cho, Chang-Hoan},
  journal={Journalism \& Mass Communication Quarterly},
  volume={80},
  number={3},
  pages={623--645},
  year={2003},
  publisher={SAGE Publications Sage CA: Los Angeles, CA}
}
@article{ganahl2003content,
  title={A content analysis of prime time commercials: A contextual framework of gender representation},
  author={Ganahl, Dennis J and Prinsen, Thomas J and Netzley, Sara Baker},
  journal={Sex roles},
  volume={49},
  pages={545--551},
  year={2003},
  publisher={Springer}
}
@article{pollay1987value,
  title={On the value of reflections on the values in “The Distorted Mirror”},
  author={Pollay, Richard W},
  journal={Journal of Marketing},
  volume={51},
  number={3},
  pages={104--110},
  year={1987},
  publisher={SAGE Publications Sage CA: Los Angeles, CA}
}
@article{pollay1986distorted,
  title={The distorted mirror: Reflections on the unintended consequences of advertising},
  author={Pollay, Richard W},
  journal={Journal of marketing},
  volume={50},
  number={2},
  pages={18--36},
  year={1986},
  publisher={SAGE Publications Sage CA: Los Angeles, CA}
}
@article{eisend2019gender,
  title={Gender roles},
  author={Eisend, Martin},
  journal={Journal of Advertising},
  volume={48},
  number={1},
  pages={72--80},
  year={2019},
  publisher={Taylor \& Francis}
}
@article{higgins2018multivariate,
  title={Multivariate testing confirms the effect of age--gender congruence on click-through rates from online social network digital advertisements},
  author={Higgins, Sean F and Mulvenna, Maurice D and Bond, Raymond B and McCartan, Aodheen and Gallagher, Stephen and Quinn, Darren},
  journal={Cyberpsychology, Behavior, and Social Networking},
  volume={21},
  number={10},
  pages={646--654},
  year={2018},
  publisher={Mary Ann Liebert, Inc., publishers 140 Huguenot Street, 3rd Floor New~…}
}
@article{namin2020impact,
  title={Impact of message design on banner advertising involvement and effectiveness: An empirical investigation},
  author={Namin, Aidin and Hamilton, Mitchell L and Rohm, Andrew J},
  journal={Journal of Marketing Communications},
  volume={26},
  number={2},
  pages={115--129},
  year={2020},
  publisher={Taylor \& Francis}
}

@article{eisend2010meta,
  title={A meta-analysis of gender roles in advertising},
  author={Eisend, Martin},
  journal={Journal of the Academy of Marketing Science},
  volume={38},
  number={4},
  pages={418--440},
  year={2010},
  publisher={Springer}
}
@incollection{stevens2017structured,
  title={Structured abstract: anger, willingness, or clueless? Understanding why women pay a pink tax on the products they consume},
  author={Stevens, Jennifer L and Shanahan, Kevin J},
  booktitle={Creating Marketing Magic and Innovative Future Marketing Trends},
  pages={571--575},
  year={2017},
}

@article{varian1989price,
  title={Price discrimination},
  author={Varian, Hal R},
  journal={Handbook of industrial organization},
  volume={1},
  pages={597--654},
  year={1989},
  publisher={Elsevier}
}
@book{pigou1920economics,
  title={The Economics of Welfare: By AC Pigou...},
  author={Pigou, Arthur Cecil},
  year={1920},
  publisher={Macmillan and Company, Limited}
}
@article{plakoyiannaki2009female,
  title={Female role stereotypes in print advertising: Identifying associations with magazine and product categories},
  author={Plakoyiannaki, Emmanuella and Zotos, Yorgos},
  journal={European Journal of Marketing},
  year={2009},
  publisher={Emerald Group Publishing Limited}
}
@article{robertson2013gender,
  title={Gender-role stereotypes in integrated social marketing communication: Influence on attitudes towards the ad},
  author={Robertson, Kirsten and Davidson, Jessica},
  journal={Australasian marketing journal},
  volume={21},
  number={3},
  pages={168--175},
  year={2013},
  publisher={SAGE Publications Sage UK: London, England}
}

@article{orth2004men,
  title={Men's and women's responses to sex role portrayals in advertisements},
  author={Orth, Ulrich R and Holancova, Denisa},
  journal={International Journal of Research in Marketing},
  volume={21},
  number={1},
  pages={77--88},
  year={2004},
  publisher={Elsevier}
}

@article{tosi1985effects,
  title={The effects of the type and amount of information in sex discrimination research: A meta-analysis},
  author={Tosi, Henry L and Einbender, Steven W},
  journal={Academy of Management Journal},
  volume={28},
  number={3},
  pages={712--723},
  year={1985},
  publisher={Academy of Management Briarcliff Manor, NY 10510}
}

@online{UNCO,
  author = {MultiMedia LLC},
  title = {Country classification},
  year = 2014,
  url = {https://www.un.org/en/development/desa/policy/wesp/wesp_current/2014wesp_country_classification.pdf},
  urldate = {2022-08-25}
}
@online{FBStat,
  author = {Statista},
  title = {Facebook marketing - statistics \& facts},
  year = 2021,
  url = {https://www.statista.com/topics/1559/facebook-marketing/#topicOverview
},
  urldate = {2023-01-11}
}


@online{APIDoc,
  author = {Facebook Documentation},
  title = {Facebook API Documentation},
  year = 2022,
  url = {https://developers.facebook.com/docs/marketing-api/audiences/reference/estimated-daily-results/},
  urldate = {2022-12-27}
}


@article{heneghan2012shopping,
  title={Shopping Angels: Fashion, Gender, and Modernity in Gald{\'o}s’ La de Bringas},
  author={Heneghan, Dorota},
  journal={Dissidences},
  volume={1},
  number={2},
  pages={6},
  year={2012}
}

@article{gould1989gender,
  title={Gender schema and fashion consciousness},
  author={Gould, Stephen J and Stern, Barbara B},
  journal={Psychology \& Marketing},
  volume={6},
  number={2},
  pages={129--145},
  year={1989},
  publisher={Wiley Online Library}
}
@article{rocha2005age,
  title={Age, gender and national factors in fashion consumption},
  author={Rocha, Maria Alice V and Hammond, Lynne and Hawkins, David},
  journal={Journal of Fashion Marketing and Management: An International Journal},
  year={2005},
  publisher={Emerald Group Publishing Limited}
}

@article{kolb2008conducting,
  title={Conducting Surveys},
  author={Kolb, Bonita},
  journal={Marketing Research,(June)},
  pages={212--227},
  year={2008}
}
@article{mortimer2011supermarket,
  title={Supermarket consumers and gender differences relating to their perceived importance levels of store characteristics},
  author={Mortimer, Gary and Clarke, Peter},
  journal={Journal of retailing and consumer services},
  volume={18},
  number={6},
  pages={575--585},
  year={2011},
  publisher={Elsevier}
}
@article{foster1994marketing,
  title={Marketing, cost management and management accounting},
  author={Foster, George and Gupta, Mahendra},
  journal={Journal of Management Accounting Research},
  volume={6},
  pages={43},
  year={1994},
  publisher={American Accounting Association}
}

@article{pelin2021prediction,
  title={Prediction of Human Development Index with Health Indicators Using Tree-Based Regression Models},
  author={Pelin, AKIN and Tuba, KOC},
  journal={Ad{\i}yaman University Journal of Science},
  volume={11},
  number={2},
  pages={410--420},
  year={2021}
}
@article{keshari2014consumer,
  title={Consumer Response to Advertising Appeals: A Gender Based Study.},
  author={Keshari, Pragya and Jain, Sangeeta},
  journal={Journal of Marketing \& Communication},
  volume={9},
  number={3},
  year={2014}
}
@misc{marketingprofs,
  title = {Women on Facebook Click Ads More, Younger Adults 'Like' More},
  author = {MarketingProfs},
  year = {2011},
  howpublished = {\url{https://www.marketingprofs.com/charts/2011/5912/women-on-facebook-click-ads-more-younger-adults-like-more}}
}
@article{gap2021algorithmic,
  title={Algorithmic Bias? An Empirical Study into Apparent Gender-Based Discrimination in Display STEM Career Ads},
  author={GAP},
  journal={Harvard Kennedy School},
  year={2021}
}
@article{mehrjoo2022new,
  title={A new methodology to measure faultlines at scale leveraging digital traces},
  author={Mehrjoo, Amir and Cuevas, Rub{\'e}n and Cuevas, {\'A}ngel},
  journal={EPJ Data Science},
  volume={11},
  number={1},
  pages={40},
  year={2022},
  publisher={Springer Berlin Heidelberg}
}
@article{abdou2019gender,
  title={Gender-Based Price Discrimination: The Cost of Being a Woman},
  author={Abdou, Doaa Salman},
  journal={Proceedings of Business and Economic Studies},
  volume={2},
  number={5},
  year={2019}
}
@article{oppliger2007effects,
  title={Effects of gender stereotyping on socialization},
  author={Oppliger, Patricia A},
  journal={Mass media effects research: Advances through meta-analysis},
  pages={199--214},
  year={2007}
}
@article{dens2009effects,
  title={Effects of scarcely dressed models in advertising on body esteem for Belgian men and women},
  author={Dens, Nathalie and De Pelsmacker, Patrick and Janssens, Wim},
  journal={Sex Roles},
  volume={60},
  pages={366--378},
  year={2009},
  publisher={Springer}
}
@article{groesz2002effect,
  title={The effect of experimental presentation of thin media images on body satisfaction: A meta-analytic review},
  author={Groesz, Lisa M and Levine, Michael P and Murnen, Sarah K},
  journal={International Journal of eating disorders},
  volume={31},
  number={1},
  pages={1--16},
  year={2002},
  publisher={Wiley Online Library}
}
@article{ganahl2003content,
  title={A content analysis of prime time commercials: A contextual framework of gender representation},
  author={Ganahl, Dennis J and Prinsen, Thomas J and Netzley, Sara Baker},
  journal={Sex roles},
  volume={49},
  pages={545--551},
  year={2003},
  publisher={Springer}
}
@online{razor,
  author = {Consumerreports},
  title = {Men win the battle of the sexes},
  year = {2010},
  url = {https://www.consumerreports.org/cro/2012/05/men-win-the-battle-of-the-sexes/index.htm},
  note = {Accessed on day 4th of December 2023}
}

@techreport{goldsmith2020gender,
  title={The gender gap in housing returns},
  author={Goldsmith-Pinkham, Paul and Shue, Kelly},
  year={2020},
  institution={National Bureau of Economic Research}
}

@article{busse2017repairing,
  title={Repairing the damage: The effect of price knowledge and gender on auto repair price quotes},
  author={Busse, Meghan R and Israeli, Ayelet and Zettelmeyer, Florian},
  journal={Journal of Marketing Research},
  volume={54},
  number={1},
  pages={75--95},
  year={2017},
  publisher={SAGE Publications Sage CA: Los Angeles, CA}
}
@article{goldberg1996dealer,
  title={Dealer price discrimination in new car purchases: Evidence from the consumer expenditure survey},
  author={Goldberg, Pinelopi Koujianou},
  journal={Journal of Political Economy},
  volume={104},
  number={3},
  pages={622--654},
  year={1996},
  publisher={The University of Chicago Press}
}

@article{ayres1995race,
  title={Race and gender discrimination in bargaining for a new car},
  author={Ayres, Ian and Siegelman, Peter},
  journal={The American Economic Review},
  pages={304--321},
  year={1995},
  publisher={JSTOR}
}
@article{festinger1954theory,
  title={A theory of social comparison processes},
  author={Festinger, Leon},
  journal={Human relations},
  volume={7},
  number={2},
  pages={117--140},
  year={1954},
  publisher={Sage Publications Sage CA: Thousand Oaks, CA}
}
@article{duesterhaus2011cost,
  title={The cost of doing femininity: Gendered disparities in pricing of personal care products and services},
  author={Duesterhaus, Megan and Grauerholz, Liz and Weichsel, Rebecca and Guittar, Nicholas A},
  journal={Gender Issues},
  volume={28},
  number={4},
  pages={175--191},
  year={2011},
  publisher={Springer}
}
@article{wood1989theory,
  title={Theory and research concerning social comparisons of personal attributes.},
  author={Wood, Joanne V},
  journal={Psychological bulletin},
  volume={106},
  number={2},
  pages={231},
  year={1989},
  publisher={American Psychological Association}
}
@article{richins1991social,
  title={Social comparison and the idealized images of advertising},
  author={Richins, Marsha L},
  journal={Journal of consumer research},
  volume={18},
  number={1},
  pages={71--83},
  year={1991},
  publisher={The University of Chicago Press}
}

@article{ayres1991fair,
  title={Fair driving: Gender and race discrimination in retail car negotiations},
  author={Ayres, Ian},
  journal={Harvard Law Review},
  pages={817--872},
  year={1991},
  publisher={JSTOR}
}
@article{boddewyn1986standardization,
  title={Standardization in international marketing: is Ted Levitt in fact right?},
  author={Boddewyn, Jean J and Soehl, Robin and Picard, Jacques},
  journal={Business Horizons},
  volume={29},
  number={6},
  pages={69--75},
  year={1986},
  publisher={Elsevier}
}
@article{guittar2022beyond,
  title={Beyond the pink tax: gender-based pricing and differentiation of personal care products},
  author={Guittar, Stephanie Gonzalez and Grauerholz, Liz and Kidder, Erin N and Daye, Shameika D and McLaughlin, Megan},
  journal={Gender Issues},
  volume={39},
  number={1},
  pages={1--23},
  year={2022},
  publisher={Springer}
}

@article{blau2017rthe,
  title={rThe gender wage gap: extent, trends, and explanations},
  author={Blau, Francine D and Kahn, Lawrence M},
  journal={s Journal of Economic Literature},
  volume={55},
  number={3},
  year={2017}
}

@article{belkaoui1976comparative,
  title={A comparative analysis of the roles portrayed by women in print advertisements: 1958, 1970, 1972},
  author={Belkaoui, Ahmed and Belkaoui, Janice M},
  journal={Journal of Marketing Research},
  volume={13},
  number={2},
  pages={168--172},
  year={1976},
  publisher={SAGE Publications Sage CA: Los Angeles, CA}
}
@article{bardhan1999undp,
  title={UNDP's gender-related indices: A critical review},
  author={Bardhan, Kalpana and Klasen, Stephan},
  journal={World Development},
  volume={27},
  number={6},
  pages={985--1010},
  year={1999},
  publisher={Elsevier}
}



@phdthesis{habbal2020economic,
  title={An Economic Analysis of The Pink Tax},
  author={Habbal, Hajar L},
  year={2020},
  school={Lake Forest College}
}
@article{lafferty2019pink,
  title={The pink tax: the persistence of gender price disparity},
  author={Lafferty, Mackenzi},
  journal={Midwest Journal of Undergraduate Research},
  volume={11},
  number={2019},
  pages={56--72},
  year={2019}
}

@article{melton2009cedaw,
  title={CEDAW: how UN interference threatens the rights of American women},
  author={Melton, Grace Smith},
  journal={Backgrounder},
  volume={2227},
  year={2009}
}
@article{elliott2019pink,
  title={The Pink Tax-The Cost of Being a Female Consumer},
  author={Elliott, C},
  journal={Retrieved June},
  volume={7},
  pages={2019},
  year={2019}
}

@article{england2010gender,
  title={The gender revolution: Uneven and stalled},
  author={England, Paula},
  journal={Gender \& society},
  volume={24},
  number={2},
  pages={149--166},
  year={2010},
  publisher={Sage Publications Sage CA: Los Angeles, CA}
}
@article{lever2015pays,
  title={Who pays for dates? Following versus challenging gender norms},
  author={Lever, Janet and Frederick, David A and Hertz, Rosanna},
  journal={Sage Open},
  volume={5},
  number={4},
  pages={2158244015613107},
  year={2015},
  publisher={SAGE Publications Sage CA: Los Angeles, CA}
}

@article{klasen2018impact,
  title={The impact of gender inequality on economic performance in developing countries},
  author={Klasen, Stephan},
  year={2018},
  publisher={Discussion Papers}
}

@article{tregouet2015gender,
  title={Gender-based price discrimination in matching markets},
  author={Tr{\'e}gou{\"e}t, Thomas},
  journal={International journal of industrial organization},
  volume={42},
  pages={34--45},
  year={2015},
  publisher={Elsevier}
}

@techreport{olivetti2016evolution,
  title={The evolution of gender gaps in industrialized countries},
  author={Olivetti, Claudia and Petrongolo, Barbara},
  year={2016},
  institution={National Bureau of Economic Research}
}

@article{slak2021pushing,
  title={Pushing for gender equality in advertising: Gender role stereotypes in the United Arab Emirates},
  author={Slak Valek, Natasa and Picherit-Duthler, Gaelle},
  journal={Journal of International Consumer Marketing},
  volume={33},
  number={5},
  pages={512--525},
  year={2021},
  publisher={Taylor \& Francis}
}
@misc{wfa2018progressive,
  title={Guide to Progressive Gender Portrayals in Advertising},
  author={{World Federation of Advertisers (WFA)}},
  year={2018},
  howpublished={\url{https://wfanet.org/knowledge/item/2018/05/16/WFA-launches-Guide-to-Progressive-Gender-Portrayals-in-Advertising}},
}

@article{safronova2019gender,
  title={Gender stereotypes banned in British advertising},
  author={Safronova, Valeriya},
  journal={The New York Times},
  pages={1--3},
  year={2019}
}
@article{charlesworth2022patterns,
  title={Patterns of implicit and explicit stereotypes III: Long-term change in gender stereotypes},
  author={Charlesworth, Tessa ES and Banaji, Mahzarin R},
  journal={Social Psychological and Personality Science},
  volume={13},
  number={1},
  pages={14--26},
  year={2022},
  publisher={SAGE Publications Sage CA: Los Angeles, CA}
}
@online{uksaysnomore2023,
  title = {Men vs Women: Money in Sport},
  year = {2023},
  url = {https://uksaysnomore.org/men-vs-women-money-in-sport/},
  note = {Accessed: 2023-12-12}
}

@article{kuhn2013gender,
  title={Gender discrimination in job ads: Evidence from china},
  author={Kuhn, Peter and Shen, Kailing},
  journal={The Quarterly Journal of Economics},
  volume={128},
  number={1},
  pages={287--336},
  year={2013},
  publisher={MIT Press}
}

@article{vinacke1957stereotypes,
  title={Stereotypes as social concepts},
  author={Vinacke, W Edgar},
  journal={The journal of social Psychology},
  volume={46},
  number={2},
  pages={229--243},
  year={1957},
  publisher={Taylor \& Francis}
}
@article{hu2016advertisement,
  title={Advertisement spending and income: an aggregative analysis},
  author={Hu, Baiding and Sanyal, Amal},
  year={2016},
  publisher={Scientific Research Publishing}
}
@article{hamilton1981illusory,
  title={Illusory correlation as a basis for stereotyping},
  author={Hamilton, David L},
  journal={Cognitive processes in stereotyping and intergroup behavior},
  pages={115--144},
  year={1981}
}
@article{levitt1983globalization,
  title={The globalization of markets},
  author={Levitt, Theodore},
  year={1983},
  publisher={Harvard Business Review Boston}
}
@article{ellemers2018gender,
  title={Gender stereotypes},
  author={Ellemers, Naomi},
  journal={Annual review of psychology},
  volume={69},
  pages={275--298},
  year={2018},
  publisher={Annual Reviews}
}
@article{em2003perceived,
  title={How perceived brand globalness creates brand value},
  author={EM Steenkamp, Jan-Benedict and Batra, Rajeev and Alden, Dana L},
  journal={Journal of international business studies},
  volume={34},
  number={1},
  pages={53--65},
  year={2003},
  publisher={Springer}
}
@article{marshall2014overt,
  title={From overt provider to invisible presence: Discursive shifts in advertising portrayals of the father in Good Housekeeping, 1950--2010},
  author={Marshall, David and Davis, Teresa and Hogg, Margaret K and Schneider, Tanja and Petersen, Alan},
  journal={Journal of Marketing Management},
  volume={30},
  number={15-16},
  pages={1654--1679},
  year={2014},
  publisher={Taylor \& Francis}
}
@article{lamer2022transmission,
  title={The transmission of gender stereotypes through televised patterns of nonverbal bias.},
  author={Lamer, Sarah Ariel and Dvorak, Paige and Biddle, Ashley M and Pauker, Kristin and Weisbuch, Max},
  journal={Journal of Personality and Social Psychology},
  year={2022},
  publisher={American Psychological Association}
}
@article{lavery2013gender,
  title={Gender bias in the media? An examination of local television news coverage of male and female house candidates},
  author={Lavery, Lesley},
  journal={Politics \& Policy},
  volume={41},
  number={6},
  pages={877--910},
  year={2013},
  publisher={Wiley Online Library}
}
@article{bartsch2000gender,
  title={Gender representation in television commercials: Updating an update},
  author={Bartsch, Robert A and Burnett, Teresa and Diller, Tommye R and Rankin-Williams, Elizabeth},
  journal={Sex roles},
  volume={43},
  pages={735--743},
  year={2000},
  publisher={Springer}
}

@article{allan1996gender,
  title={Gender displaying television commercials: A comparative study of television commercials in the 1950s and 1980s},
  author={Allan, Kenneth and Coltrane, Scott},
  journal={Sex roles},
  volume={35},
  pages={185--203},
  year={1996},
  publisher={Springer}
}
@article{luecke1995gender,
  title={Gender constancy and television viewing.},
  author={Luecke-Aleksa, Diane and Anderson, Daniel R and Collins, Patricia A and Schmitt, Kelly L},
  journal={Developmental Psychology},
  volume={31},
  number={5},
  pages={773},
  year={1995},
  publisher={American Psychological Association}
}
@article{plakoyiannaki2008images,
  title={Images of women in online advertisements of global products: does sexism exist?},
  author={Plakoyiannaki, Emmanuella and Mathioudaki, Kalliopi and Dimitratos, Pavlos and Zotos, Yorgos},
  journal={Journal of business ethics},
  volume={83},
  number={1},
  pages={101--112},
  year={2008},
  publisher={Springer}
}
@article{van2007cultural,
  title={Cultural and gender differences in gender-role beliefs, sharing household task and child-care responsibilities, and well-being among immigrants and majority members in the Netherlands},
  author={Van de Vijver, Fons JR},
  journal={Sex Roles},
  volume={57},
  number={11},
  pages={813--824},
  year={2007},
  publisher={Springer}
}
@article{albers1996business,
  title={Business advertising appeals as a mirror of cultural dimensions: A study of eleven countries},
  author={Albers-Miller, Nancy D and Gelb, Betsy D},
  journal={Journal of advertising},
  volume={25},
  number={4},
  pages={57--70},
  year={1996},
  publisher={Taylor \& Francis}
}
@article{neto2016gender,
  title={Gender role portrayals in Brazilian and Portuguese television advertisements},
  author={Neto, F{\'e}lix},
  year={2016}
}

@article{tartaglia2015gender,
  title={Gender stereotyping in newspaper advertisements: A cross-cultural study},
  author={Tartaglia, Stefano and Rollero, Chiara},
  journal={Journal of cross-cultural psychology},
  volume={46},
  number={8},
  pages={1103--1109},
  year={2015},
  publisher={SAGE Publications Sage CA: Los Angeles, CA}
}

@article{ibroscheva2007caught,
  title={Caught between east and west? Portrayals of gender in Bulgarian television advertisements},
  author={Ibroscheva, Elza},
  journal={Sex Roles},
  volume={57},
  number={5},
  pages={409--418},
  year={2007},
  publisher={Springer}
}

@misc{mohanty200786,
  title={The 86 Percent Solution-How to Succeed in the Biggest Market Opportunities of the Next 50 Years},
  author={Mohanty, Swarup K},
  year={2007},
  publisher={JSTOR}
}
@article{garcia2018analyzing,
  title={Analyzing gender inequality through large-scale Facebook advertising data},
  author={Garcia, David and Kassa, Yonas Mitike and Cuevas, Angel and Cebrian, Manuel and Moro, Esteban and Rahwan, Iyad and Cuevas, Ruben},
  journal={Proceedings of the National Academy of Sciences},
  volume={115},
  number={27},
  pages={6958--6963},
  year={2018},
  publisher={National Acad Sciences}
}
@article{cabanas2018facebook,
  title={Facebook use of sensitive data for advertising in Europe},
  author={Caba{\~n}as, Jos{\'e} Gonz{\'a}lez and Cuevas, {\'A}ngel and Cuevas, Rub{\'e}n},
  journal={arXiv preprint arXiv:1802.05030},
  year={2018}
}
@misc{hall2003adoption,
  title={Adoption of new technology},
  author={Hall, Bronwyn H and Khan, Beethika},
  year={2003},
  publisher={National bureau of economic research Cambridge, Mass., USA}
}
@article{cannarella2014epidemiological,
  title={Epidemiological modeling of online social network dynamics},
  author={Cannarella, John and Spechler, Joshua A},
  journal={arXiv preprint arXiv:1401.4208},
  year={2014}
}
@article{ravindran2014antecedents,
  title={Antecedents and effects of social network fatigue},
  author={Ravindran, Thara and Yeow Kuan, Alton Chua and Hoe Lian, Dion Goh},
  journal={Journal of the Association for Information Science and Technology},
  volume={65},
  number={11},
  pages={2306--2320},
  year={2014},
  publisher={Wiley Online Library}
}
@article{barquero2018linking,
  title={Linking transmission with inquiry at university level through study and research paths: The case of forecasting Facebook user growth},
  author={Barquero, Berta and Monreal, Nacho and Ruiz-Munz{\'o}n, Noem{\'\i} and Serrano, L{\'\i}dia},
  journal={International Journal of Research in Undergraduate Mathematics Education},
  volume={4},
  number={1},
  pages={8--22},
  year={2018},
  publisher={Springer}
}
@article{luqman2017empirical,
  title={Empirical investigation of Facebook discontinues usage intentions based on SOR paradigm},
  author={Luqman, Adeel and Cao, Xiongfei and Ali, Ahmed and Masood, Ayesha and Yu, Lingling},
  journal={Computers in Human Behavior},
  volume={70},
  pages={544--555},
  year={2017},
  publisher={Elsevier}
}
@inproceedings{garcia2013social,
  title={Social resilience in online communities: The autopsy of friendster},
  author={Garcia, David and Mavrodiev, Pavlin and Schweitzer, Frank},
  booktitle={Proceedings of the first ACM conference on Online social networks},
  pages={39--50},
  year={2013}
}
@inproceedings{schioberg2012tracing,
  title={Tracing the birth of an osn: Social graph and profile analysis in google+},
  author={Schi{\"o}berg, Doris and Schneider, Fabian and Schi{\"o}berg, Harald and Schmid, Stefan and Uhlig, Steve and Feldmann, Anja},
  booktitle={Proceedings of the 4th Annual ACM Web Science Conference},
  pages={265--274},
  year={2012}
}
@incollection{rogers2014diffusion,
  title={Diffusion of innovations},
  author={Rogers, Everett M and Singhal, Arvind and Quinlan, Margaret M},
  booktitle={An integrated approach to communication theory and research},
  pages={432--448},
  year={2014}
}
@article{rejaie2010sizing,
  title={Sizing up online social networks},
  author={Rejaie, Reza and Torkjazi, Mojtaba and Valafar, Masoud and Willinger, Walter},
  journal={IEEE network},
  volume={24},
  number={5},
  pages={32--37},
  year={2010},
  publisher={IEEE}
}
@article{boyd2007social,
  title={Social network sites: Definition, history, and scholarship},
  author={Boyd, Danah M and Ellison, Nicole B},
  journal={Journal of computer-mediated Communication},
  volume={13},
  number={1},
  pages={210--230},
  year={2007},
  publisher={Wiley Online Library}
}
@article{kassa2018large,
  title={A large-scale analysis of Facebook’s user-base and user engagement growth},
  author={Kassa, Yonas Mitike and Cuevas, Rub{\'e}n and Cuevas, {\'A}ngel},
  journal={IEEE Access},
  volume={6},
  pages={78881--78891},
  year={2018},
  publisher={IEEE}
}
@article{parmy2014facebook,
  title={Facebook closes 19 billion whatsapp deal},
  author={Parmy, O},
  journal={Accessed: Jan},
  volume={8},
  pages={2017},
  year={2014}
}
@inproceedings{dondio2012predicting,
  title={Predicting stock market using online communities raw Web traffic},
  author={Dondio, Pierpaolo},
  booktitle={2012 IEEE/WIC/ACM International Conferences on Web Intelligence and Intelligent Agent Technology},
  volume={1},
  pages={230--237},
  year={2012},
  organization={IEEE}
}
@article{straub2009understanding,
  title={Understanding technology adoption: Theory and future directions for informal learning},
  author={Straub, Evan T},
  journal={Review of educational research},
  volume={79},
  number={2},
  pages={625--649},
  year={2009},
  publisher={SAGE Publications Sage CA: Los Angeles, CA}
}
@article{fatehkia2018using,
  title={Using Facebook ad data to track the global digital gender gap},
  author={Fatehkia, Masoomali and Kashyap, Ridhi and Weber, Ingmar},
  journal={World Development},
  volume={107},
  pages={189--209},
  year={2018},
  publisher={Elsevier}
}
@article{mejova2018online,
  title={Online health monitoring using Facebook advertisement audience estimates in the United States: evaluation study},
  author={Mejova, Yelena and Weber, Ingmar and Fernandez-Luque, Luis and others},
  journal={JMIR public health and surveillance},
  volume={4},
  number={1},
  pages={e7217},
  year={2018},
  publisher={JMIR Publications Inc., Toronto, Canada}
}

@article{ellison2007social,
  title={Social network sites: Definition, history, and scholarship},
  author={Ellison, Nicole B and others},
  journal={Journal of computer-mediated Communication},
  volume={13},
  number={1},
  pages={210--230},
  year={2007},
  publisher={Wiley/Blackwell (10.1111)}
}

@book{rohrs2013audience,
  title={Audience: Marketing in the age of subscribers, fans and followers},
  author={Rohrs, Jeffrey K},
  year={2013},
  page={12}}

@article{van2012impacts,
  title={Impacts of advertisements that are unfriendly to women and men},
  author={Van Hellemont, Corine and Van den Bulck, Hilde},
  journal={International Journal of Advertising},
  volume={31},
  number={3},
  pages={623--656},
  year={2012},
  publisher={Taylor \& Francis}
}
@book{sheehan2013controversies,
  title={Controversies in contemporary advertising},
  author={Sheehan, Kim Bartel},
  year={2013}
}
@book{young2018ogilvy,
  title={Ogilvy on advertising in the digital age},
  author={Young, Miles},
  year={2018}
  }

@article{cvencek2011math,
  title={Math--gender stereotypes in elementary school children},
  author={Cvencek, Dario and Meltzoff, Andrew N and Greenwald, Anthony G},
  journal={Child development},
  volume={82},
  number={3},
  pages={766--779},
  year={2011},
  publisher={Wiley Online Library}
}

@article{lafky1996looking,
  title={Looking through gendered lenses: Female stereotyping in advertisements and gender role expectations},
  author={Lafky, Sue and Duffy, Margaret and Steinmaus, Mary and Berkowitz, Dan},
  journal={Journalism \& Mass Communication Quarterly},
  volume={73},
  number={2},
  pages={379--388},
  year={1996},
  publisher={SAGE Publications Sage CA: Los Angeles, CA}
}

@article{knoll2011gender,
  title={Gender roles in advertising: Measuring and comparing gender stereotyping on public and private TV channels in Germany},
  author={Knoll, Silke and Eisend, Martin and Steinhagen, Josefine},
  journal={International Journal of Advertising},
  volume={30},
  number={5},
  pages={867--888},
  year={2011},
  publisher={Taylor \& Francis}
}
@inproceedings{fenko2014study,
  title={A study in pink: What determines the success of gender-specific advertising?},
  author={Fenko, Anna and Drost, Willemijn},
  booktitle={13th International Conference on Research in Advertising. Wiesbaden, German: Springer},
  year={2014}
}
@article{lee2014gender,
  title={Gender stereotypes as a double-edged sword in political advertising: Persuasion effects of campaign theme and advertising style},
  author={Lee, Yu-Kang},
  journal={International Journal of Advertising},
  volume={33},
  number={2},
  pages={203--234},
  year={2014},
  publisher={Taylor \& Francis}
}
@article{grau2016gender,
  title={Gender stereotypes in advertising: a review of current research},
  author={Grau, Stacy Landreth and Zotos, Yorgos C},
  journal={International Journal of Advertising},
  volume={35},
  number={5},
  pages={761--770},
  year={2016},
  publisher={Taylor \& Francis}
}
@article{lazar2006discover,
  title={“Discover the power of femininity!” Analyzing global “power femininity” in local advertising},
  author={Lazar, Michelle M},
  journal={Feminist Media Studies},
  volume={6},
  number={4},
  pages={505--517},
  year={2006},
  publisher={Taylor \& Francis}
}

@article{karpay2001deadly,
  title={Deadly Persuasion: Why Women and Girls Must Fight the Addictive Power of Advertising},
  author={KARPAY, JOYCE Y},
  journal={NWSA Journal},
  volume={13},
  number={1},
  pages={189--189},
  year={2001},
  publisher={Johns Hopkins University Press}
}
@article{vaidyanathan2020does,
  title={Does MSRP impact women differently? Exploring gender-based differences in the effectiveness of retailer-provided reference prices},
  author={Vaidyanathan, Rajiv and Aggarwal, Praveen},
  journal={Journal of Retailing and Consumer Services},
  volume={54},
  pages={102049},
  year={2020},
  publisher={Elsevier}
}
@misc{cortese1999provocateur,
  title={Provocateur: Images of Women and Minorities in Advertising. New York: Rowan \& Littlefield Publishers},
  author={Cortese, AJ},
  year={1999},
  publisher={Inc}
}

@article{lysonski1985role,
  title={Role portrayals in British magazine advertisement},
  author={Lysonski, Steven},
  journal={European Journal of Marketing},
  year={1985},
  publisher={MCB UP Ltd}
}
@article{zotos2014snapshots,
  title={Snapshots of men and women in interaction: An investigation of stereotypes in print advertisement relationship portrayals},
  author={Zotos, Yorgos and Tsichla, Eirini},
  journal={Journal of Euromarketing},
  volume={23},
  number={3},
  pages={35--58},
  year={2014}
}


@article{zotos1994gender,
  title={Gender Representations: The Case of Greek Magazine Advertisments},
  author={Zotos, Yiorgos C and Lysonski, Steven},
  journal={Journal of Euromarketing},
  volume={3},
  number={2},
  pages={27--47},
  year={1994},
  publisher={Taylor \& Francis}
}
@article{orth2003consumer,
  title={Consumer response to sex role portrayals in advertisements: Effects of incongruity and prejudices on emotions and attitudes},
  author={Orth, Ulrich R and Holancova, Denisa},
  journal={Journal of Advertising},
  volume={32},
  number={4},
  pages={77--89},
  year={2003},
  publisher={Taylor \& Francis}
}
@article{putrevu2004communicating,
  title={Communicating with the sexes: male and female responses to print advertisements},
  author={Putrevu, Sanjay},
  journal={Journal of Advertising},
  volume={33},
  number={3},
  pages={51--62},
  year={2004},
  publisher={Taylor \& Francis}
}
@article{zawisza2010matters,
  title={What matters more—Breaking tradition or stereotype content? Envious and paternalistic gender stereotypes and advertising effectiveness},
  author={Zawisza, Magdalena and Cinnirella, Marco},
  journal={Journal of Applied Social Psychology},
  volume={40},
  number={7},
  pages={1767--1797},
  year={2010},
  publisher={Wiley Online Library}
}
@article{eagly2000social,
  title={Social role theory of sex differences and similarities: A current appraisal},
  author={Eagly, Alice H and Wood, Wendy and Diekman, Amanda B},
  journal={The developmental social psychology of gender},
  volume={12},
  number={174},
  pages={9781410605245--12},
  year={2000}
}
@article{ko2015examining,
  title={Examining the effect of cultural congruence, processing fluency, and uncertainty avoidance in online purchase decisions in the US and Korea},
  author={Ko, Dongwoo and Seo, Yuri and Jung, Sang-Uk},
  journal={Marketing Letters},
  volume={26},
  number={3},
  pages={377--390},
  year={2015},
  publisher={Springer}
}
@inproceedings{beel2013impact,
  title={The impact of demographics (age and gender) and other user-characteristics on evaluating recommender systems},
  author={Beel, Joeran and Langer, Stefan and N{\"u}rnberger, Andreas and Genzmehr, Marcel},
  booktitle={International Conference on Theory and Practice of Digital Libraries},
  pages={396--400},
  year={2013},
  organization={Springer}
}


@misc{bworld,
  author = {Human Development Reports},
  title = {{Human Development index}},
  howpublished = "\url{https://hdr.undp.org/sites/default/files/hdr2020_technical_notes.pdf}",
  year = {2019}
}
@misc{bworldpop,
  author = {World bank},
  title = {{World bank population}},
  howpublished = "\url{https://databank.worldbank.org/source/gender-statistics}",
  year = {2019}
}
@article{acciani2011data,
  title={Data mining in real estate appraisal: a model tree and multivariate adaptive regression spline approach},
  author={Acciani, Claudio and Fucilli, Vincenzo and Sardaro, Ruggiero},
  journal={Data Mining in Real Estate Appraisal: a Model Tree and Multivariate Adaptive Regression Spline Approach},
  pages={27--45},
  year={2011},
  publisher={Firenze University Press}
}

@book{breiman1984classification,
  title={Classification and regression trees},
  author={Breiman, Leo and Friedman, Jerome H and Olshen, Richard A and Stone, Charles J},
  chapter={6},
  year={1984}
}
@misc{FBAPI,
  author = {Facebook for developers},
  title = {{Facebook Marketing API}},
  howpublished = "\url{https://developers.facebook.com/docs/marketing-apis/}",
  note = {Accessed 2022}
}

@inproceedings{korolova2010privacy,
  title={Privacy violations using microtargeted ads: A case study},
  author={Korolova, Aleksandra},
  booktitle={2010 IEEE International Conference on Data Mining Workshops},
  pages={474--482},
  year={2010},
  organization={IEEE}
}

@inproceedings{marciel2016value,
  title={The value of online users: Empirical evaluation of the price of personalized ads},
  author={Marciel, Miriam and Gonzalez, Jose and Kassa, Yonas Mitike and Gonzalez, Roberto and Ahmed, Mohamed},
  booktitle={2016 11th International Conference on Availability, Reliability and Security (ARES)},
  pages={694--700},
  year={2016},
  organization={IEEE}
}

@inproceedings{chen2013much,
  title={How much is too much? Leveraging ads audience estimation to evaluate public profile uniqueness},
  author={Chen, Terence and Chaabane, Abdelberi and Tournoux, Pierre Ugo and Kaafar, Mohamed-Ali and Boreli, Roksana},
  booktitle={International Symposium on Privacy Enhancing Technologies Symposium},
  pages={225--244},
  year={2013},
  organization={Springer}
}

@inproceedings{liu2014measurement,
  title={Measurement and analysis of osn ad auctions},
  author={Liu, Yabing and Kliman-Silver, Chloe and Bell, Robert and Krishnamurthy, Balachander and Mislove, Alan},
  booktitle={Proceedings of the second ACM conference on Online social networks},
  pages={139--150},
  year={2014}
}

@inproceedings{saez2014beyond,
  title={Beyond cpm and cpc: Determining the value of users on osns},
  author={Saez-Trumper, Diego and Liu, Yabing and Baeza-Yates, Ricardo and Krishnamurthy, Balachander and Mislove, Alan},
  booktitle={Proceedings of the second ACM conference on Online social networks},
  pages={161--168},
  year={2014}
}

@techreport{cuevas2021gender,
  title={The Gender Gap in Preferences: Evidence from 45,397 Facebook Interests},
  author={Cuevas, Angel and Cuevas, Ruben and Desmet, Klaus and Ortuno Ortin, Ignacio},
  year={2021},
  institution={National Bureau of Economic Research}
}

@inproceedings{gonzalez2017fdvt,
  title={FDVT: Data valuation tool for Facebook users},
  author={Gonz{\'a}lez Caba{\~n}as, Jos{\'e} and Cuevas, {\'A}ngel and Cuevas, Rub{\'e}n},
  booktitle={Proceedings of the 2017 CHI Conference on Human Factors in Computing Systems},
  pages={3799--3809},
  year={2017}
}

@article{saha2017characterizing,
  title={Characterizing awareness of schizophrenia among Facebook users by leveraging Facebook advertisement estimates},
  author={Saha, Koustuv and Weber, Ingmar and Birnbaum, Michael L and De Choudhury, Munmun and others},
  journal={Journal of medical Internet research},
  volume={19},
  number={5},
  pages={e6815},
  year={2017},
  publisher={JMIR Publications Inc., Toronto, Canada}
}
@book{erikson1998life,
  title={The life cycle completed (extended version)},
  author={Erikson, Erik H and Erikson, Joan M},
  year={1998}
}


@misc{UNDPGDI,
  author = {UNDP},
  title = {{Gender Development Index}},
  howpublished = "\url{https://hdr.undp.org/en/content/gender-development-index-gdi}",
  note = {Accessed 2022}
}

@misc{UNDPAPI,
  author = {UNDP},
  title = {{Gender Development Index}},
  howpublished = "\url{www.hdr.undp.org/en/content/human-development-report-office-statistical-data-api}",
  note = {Accessed 2022}
}

@misc{UNDPtec,
  author = {UNDP},
  title = {{UNDP technical notes}},
  howpublished = "\url{https://hdr.undp.org/sites/default/files/hdr2020_technical_notes.pdf  }",
  note = {Accessed 2022}
}

@article{robinson2015encyclopedia,
  title={Encyclopedia of quality of life and well-being research},
  author={Robinson, Mary},
  journal={Reference Reviews},
  year={2015},
  publisher={Emerald Group Publishing Limited}
}
@article{jones2000sensible,
  title={A sensible formulation of the significance test.},
  author={Jones, Lyle V and Tukey, John W},
  journal={Psychological methods},
  volume={5},
  number={4},
  pages={411},
  year={2000},
  publisher={American Psychological Association}
}
@misc{tukeyhsd,
  title={Tukey-HSD test},
  url={https://www.oxfordreference.com/view/10.1093/oi/authority.20110803110053894},
  publisher={Oxford University Press},
  year={2023},
  month={May},
  day={5}
}
@misc{OECDLife,
  author = {OECD},
  title = {{Life expectancy index}},
  howpublished = "\url{https://data.oecd.org/healthstat/life-expectancy-at-birth.htm}",
  note = {Accessed 2022}
}



@misc{royne2021power,
  title={The power of advertising in society: does advertising help or hinder consumer well-being?},
  author={Royne Stafford, Marla and Pounders, Kathrynn},
  journal={International Journal of Advertising},
  volume={40},
  number={4},
  pages={487--490},
  year={2021},
  publisher={Taylor \& Francis}
}

@article{vanpink,
  title={The Pink Tax: Marketing Strategy or Gender Discrimination? Comparing Female and Male Consumers' Price and Packaging Preferences},
  author={van der Tas, Mariele and Furrer, Olivier}
}


@article{loughnan2010objectification,
  title={Objectification leads to depersonalization: The denial of mind and moral concern to objectified others},
  author={Loughnan, Steve and Haslam, Nick and Murnane, Tess and Vaes, Jeroen and Reynolds, Catherine and Suitner, Caterina},
  journal={European Journal of Social Psychology},
  volume={40},
  number={5},
  pages={709--717},
  year={2010},
  publisher={Wiley Online Library}
}


@article{moshary2021gender,
  title={Gender-Based Pricing in Consumer Packaged Goods: A Pink Tax?},
  author={Moshary, Sarah and Tuchman, Anna and Bhatia, Natasha},
  journal={Available at SSRN 3882214},
  year={2021}
}




@book{rippon2019gendered,
  title={The Gendered Brain: The new neuroscience that shatters the myth of the female brain},
  author={Rippon, Gina},
  year={2019},
  publisher={Random House}
}


@misc{sjostrand2019rise,
  title={The Rise of Neoliberal Feminism},
  author={Sj{\"o}strand, Siiri},
  year={2019},
  publisher={Taylor \& Francis}
}
@book{grogan2021body,
  title={Body image: Understanding body dissatisfaction in men, women and children},
  author={Grogan, Sarah},
  year={2021},
  publisher={Routledge},
page={37}
}

@article{jabs2006time,
  title={Time scarcity and food choices: an overview},
  author={Jabs, Jennifer and Devine, Carol M},
  journal={Appetite},
  volume={47},
  number={2},
  pages={196--204},
  year={2006},
  publisher={Elsevier}
}

@article{beede2011women,
  title={Women in STEM: A gender gap to innovation},
  author={Beede, David N and Julian, Tiffany A and Langdon, David and McKittrick, George and Khan, Beethika and Doms, Mark E},
  journal={Economics and Statistics Administration Issue Brief},
  number={04-11},
  year={2011}
}

@article{stokburger2013luxury,
  title={Is luxury just a female thing? The role of gender in luxury brand consumption},
  author={Stokburger-Sauer, Nicola E and Teichmann, Karin},
  journal={Journal of business research},
  volume={66},
  number={7},
  pages={889--896},
  year={2013},
  publisher={Elsevier}
}
@misc{mckinsey2023,
  title={State of Fashion},
  author={McKinsey \& Company},
  year={2023},
  url={https://www.mckinsey.com/industries/retail/our-insights/state-of-fashion}
}
@misc{investopedia2021,
  title={Is Having a Smartphone a Requirement in 2021?},
  author={Investopedia},
  year={2021},
  url={https://www.investopedia.com/is-having-a-smartphone-a-requirement-in-2021-5190186}
}

@misc{unesco2019,
  title={Global Education Monitoring Report 2019: Migration, displacement and education: Building bridges not walls},
  author={UNESCO},
  year={2019},
  url={https://unesdoc.unesco.org/ark:/48223/pf0000369000}
}

@article{morgan2019examination,
  title={An examination of women’s sport sponsorship: A case study of female Australian Rules football},

  author={Morgan, Ashlee},
  journal={Journal of Marketing Management},
  volume={35},
  number={17-18},
  pages={1644--1666},
  year={2019},
  publisher={Taylor \& Francis}
}

@article{vance2016beyond,
  title={Beyond brand exposure: Measuring the sponsorship halo effect},
  author={Vance, Lenny and Raciti, Maria M and Lawley, Meredith},
  journal={Measuring Business Excellence},
  volume={20},
  number={3},
  pages={1--14},
  year={2016},
  publisher={Emerald Group Publishing Limited}
}


@misc{IABTechLab,
  title = {Content Taxonomy},
  howpublished = {\url{https://iabtechlab.com/standards/content-taxonomy/}},
  note = {Accessed: 2023-04-20}
}
